
@article{lee2020biobert,
  title={BioBERT: a pre-trained biomedical language representation model for biomedical text mining},
  author={Lee, Jinhyuk and Yoon, Wonjin and Kim, Sungdong and others},
  journal={Bioinformatics},
  volume={36},
  number={4},
  pages={1234--1240},
  year={2020},
  publisher={Oxford University Press}
}
@article{nguyen2020epidemics,
  title={Epidemics on complex networks: Modeling, analysis, and mitigation},
  author={Nguyen, Huy and Smith, John and Lee, Anna},
  journal={IEEE Transactions on Network Science and Engineering},
  volume={7},
  number={3},
  pages={123--135},
  year={2020},
  publisher={IEEE}
}
@article{lazer2014parable,
  title={The parable of Google Flu: traps in big data analysis},
  author={Lazer, David and Kennedy, Ryan and King, Gary and Vespignani, Alessandro},
  journal={Science},
  volume={343},
  number={6176},
  pages={1203--1205},
  year={2014},
  publisher={American Association for the Advancement of Science},
  doi={10.1126/science.1248506}
}
@article{adikari2021forecasting,
  title={Forecasting COVID-19 cases using time-series deep learning models: A survey},
  author={Adikari, Achintha and Jayasundara, Mathi Thiran},
  journal={Computers in Biology and Medicine},
  volume={137},
  pages={104895},
  year={2021},
  publisher={Elsevier},
  doi={10.1016/j.compbiomed.2021.104895}
}




